@online{circuit,
    author    = "Falstad",
    title     = "CircuitJS",
    url       = "https://www.falstad.com/circuit/circuitjs.html",
}

@online{wiki1,
    author    = "Wikipedia",
    title     = "Differential equation",
    url       = "https://en.wikipedia.org/wiki/Differential_equation",
}

@online{wiki2,
    author    = "Wikipedia",
    title     = "Riemann sum",
    url       = "https://en.wikipedia.org/wiki/Riemann_sum",
}

@online{wiki3,
    author    = "Wikipedia",
    title     = "Derivative",
    url       = "https://en.wikipedia.org/wiki/Derivative",
}

@online{wiki4,
    author    = "Wikipedia",
    title     = "Compartmental models in epidemiology",
    url       = "https://en.wikipedia.org/wiki/Compartmental_models_in_epidemiology",
}